@Misc{stacked.area.plots.2013,
  title = 	 {Data mountains and streams - stacked area plots in R },
  howpublished = {\url{http://menugget.blogspot.com.au/2013/12/data-mountains-and-streams-stacked-area.html}},
  note = 	 {accessed Monday, December 9, 2013}
}

